@article{lee_2022_creating,
  title={Creating memories: molecular mechanisms of {CRISPR} adaptation},
  author={Lee, Hayun and Sashital, Dipali G},
  journal={Trends in Biochemical Sciences},
  year={2022},
  publisher={Elsevier}
}
@article{shen_2022_structural,
  title={Structural basis for {DNA} targeting by the Tn7 transposon},
  author={Shen, Yao and Gomez-Blanco, Josue and Petassi, Michael T and Peters, Joseph E and Ortega, Joaquin and Guarn{\'e}, Alba},
  journal={Nature Structural \& Molecular Biology},
  volume={29},
  number={2},
  pages={143--151},
  year={2022},
  publisher={Nature Publishing Group US New York}
}
@article{dyda_2015_mechanism,
  title={Mechanism of spacer integration links the {CRISPR/Cas} system to transposition as a form of mobile DNA},
  author={Dyda, Fred and Hickman, Alison B},
  journal={Mobile DNA},
  volume={6},
  number={1},
  pages={1--5},
  year={2015},
  publisher={BioMed Central}
}
