% best if cut and paste from http://doi2bib.org 

@article{Schindelin2012,
  doi = {10.1038/nmeth.2019},
  url = {https://doi.org/10.1038/nmeth.2019},
  year = {2012},
  month = jun,
  publisher = {Springer Science and Business Media {LLC}},
  volume = {9},
  number = {7},
  pages = {676--682},
  author = {Johannes Schindelin and Ignacio Arganda-Carreras and Erwin Frise and Verena Kaynig and Mark Longair and Tobias Pietzsch and Stephan Preibisch and Curtis Rueden and Stephan Saalfeld and Benjamin Schmid and Jean-Yves Tinevez and Daniel James White and Volker Hartenstein and Kevin Eliceiri and Pavel Tomancak and Albert Cardona},
  title = {Fiji: an open-source platform for biological-image analysis},
  journal = {Nature Methods}
}